@article{thissen1993detection,
  title={Detection of differential item functioning using the parameters of item response models.},
  author={Thissen, David and Steinberg, Lynne and Wainer, Howard},
  year={1993},
  journal={Lawrence Erlbaum Associates, Inc}
}

@article{papaspiliopoulos2007general,
  title={A general framework for the parametrization of hierarchical models},
  author={Papaspiliopoulos, Omiros and Roberts, Gareth O and Sk{\"o}ld, Martin},
  journal={Statistical Science},
  pages={59--73},
  year={2007},
  publisher={JSTOR}
}

@article{furr2016two,
  title={Two-parameter logistic item response model},
  author={Furr, Daniel C and Lee, S and Lee, J and Rabe-Hesketh, Sophia},
  journal={Stan Case Studies},
  year={2016}
}

@book{de2013theory,
  title={The theory and practice of item response theory},
  author={De Ayala, Rafael Jaime},
  year={2013},
  publisher={Guilford Publications}
}

@book{van2016handbook,
  title={Handbook of Item Response Theory: Volume 1: Models},
  author={van der Linden, Wim J},
  year={2016},
  publisher={CRC Press}
}

@misc{hambleton2016handbook,
  title={Handbook of modern item response theory. Volume two: Statistical tools},
  author={Hambleton, Ronald K and Linden, Wim J},
  year={2016},
  publisher={CRC Press}
}

@article{wu2020variational,
  title={Variational Item Response Theory: Fast, Accurate, and Expressive},
  author={Wu, Mike and Davis, Richard L and Domingue, Benjamin W and Piech, Chris and Goodman, Noah},
  journal={arXiv preprint arXiv:2002.00276},
  year={2020},
}

@book{rasch1960probabilistic,
  title={Probabilistic models for some intelligence and attainment tests.},
  author={Rasch, Georg},
  year={1960},
  publisher={University of Chicago Press}
}

@article{rasch1966item,
  title={An item analysis which takes individual differences into account},
  author={Rasch, Georg},
  journal={British journal of mathematical and statistical psychology},
  volume={19},
  number={1},
  pages={49--57},
  year={1966},
  publisher={Wiley Online Library}
}

@article{albert1992bayesian,
  title={Bayesian estimation of normal ogive item response curves using Gibbs sampling},
  author={Albert, James H},
  journal={Journal of educational statistics},
  volume={17},
  number={3},
  pages={251--269},
  year={1992},
  publisher={Sage Publications Sage CA: Los Angeles, CA}
}

@article{beguin2001mcmc,
  title={MCMC estimation and some model-fit analysis of multidimensional IRT models},
  author={B{\'e}guin, Anton A and Glas, Ceec AW},
  journal={Psychometrika},
  volume={66},
  number={4},
  pages={541--561},
  year={2001},
  publisher={Springer}
}

@article{lindley1972bayes,
  title={Bayes estimates for the linear model},
  author={Lindley, Dennis V and Smith, Adrian FM},
  journal={Journal of the Royal Statistical Society: Series B (Methodological)},
  volume={34},
  number={1},
  pages={1--18},
  year={1972},
  publisher={Wiley Online Library}
}

@article{fox2001bayesian,
  title={Bayesian estimation of a multilevel IRT model using Gibbs sampling},
  author={Fox, Jean-Paul and Glas, Cees AW},
  journal={Psychometrika},
  volume={66},
  number={2},
  pages={271--288},
  year={2001},
  publisher={Springer}
}

@article{fox2007multilevel,
  title={Multilevel IRT modeling in practice with the package mlirt},
  author={Fox, Jean-Paul and others},
  journal={Journal of Statistical Software},
  volume={20},
  number={5},
  pages={1--16},
  year={2007},
  publisher={American Statistical Association}
}

@article{sinharay2003calibrating,
  title={Calibrating item families and summarizing the results using family expected response functions},
  author={Sinharay, Sandip and Johnson, Matthew S and Williamson, David M},
  journal={Journal of Educational and Behavioral Statistics},
  volume={28},
  number={4},
  pages={295--313},
  year={2003},
  publisher={Sage Publications Sage CA: Los Angeles, CA}
}